@comment{Below are Pali Canon Texts}

@book{dhammasangani_pali,
    title = {Dhammasaṅgaṇī Pāḷi},
    shorttitle = {Vibh. 1},
}

@book{vibhanga_pali,
    title = {Vibhaṅga Pāḷi},
    shorttitle = {Vibh. 2},
}

@book{ဓမ္မသင်္ဂဏီပါဠိ,
	title = {ဓမ္မသင်္ဂဏီပါဠိ},
	shorttitle = {ဘိ၊ ၁},
}

@book{ဝိဘင်္ဂပါဠိ,
	title = {ဝိဘင်္ဂပါဠိ},
	shorttitle = {ဘိ၊ ၂},
}

@comment{Below are Commentaries (Aṭṭhakathā)}
@book{parajika_atthakatha_1,
    title = {Pārājika Kaṇḍa Aṭṭhakathā, Volume 1},
    shorttitle = {Vin. Aṭṭha. 1},
    author = {Buddhaghosa},
}

@book{parajika_atthakatha_2,
    title = {Pārājika Kaṇḍa Aṭṭhakathā, Volume 2},
    shorttitle = {Vin. Aṭṭha. 2},
    author = {Buddhaghosa},
}

@book{mulapannasa_atthakatha_1,
    title = {Mūlapaṇṇāsa Aṭṭhakathā, Volume 1},
    shorttitle = {M. Aṭṭha. 1},
    author = {Buddhaghosa},
}

@book{mulapannasa_atthakatha_2,
    title = {Mūlapaṇṇāsa Aṭṭhakathā, Volume 2},
    shorttitle = {M. Aṭṭha. 2},
    author = {Buddhaghosa},
}

@book{atthasalini,
    title = {Aṭṭhasālinī},
    shorttitle = {Vibh. Aṭṭha. 1},
    author = {Buddhaghosa},
}

@comment{Below are Subcommentaries (Ṭīkā)}
@book{sarattha_2,
    title = {Sāratthadīpanī Ṭīkā, Volume 2},
    shorttitle = {Sārattha, 2},
    author = {Sāriputta},
}

@book{sagatha_tika,
    title = {Sagāthā Ṭīkā},
    shorttitle = {Sagāthā, Ṭī},
}

@book{mula_tika,
    title = {Mūla Ṭīkā},
    shorttitle = {Mūla Ṭī},
    author = {Dhammapāla},
}
 
@comment{Below are Burmese Literature}
@book{tipitaka_pali_myanmar_dictionary,
    title = {Tipiṭaka Pāḷi-Myanmar Dictionary},
    shorttitle = {Tipi Dictionary},
}

@software{niyam,
    title = {Niyama},
    author = {Pn Daza},
}

@book{leti_dipani_collection_1,
    title = {Leti Dipani Collection, Volume 1},
    shorttitle = {Leti Dipani Collection, 1},
    author = {Leti},
}

@book{gandharum_sangraha_bhati,
    title = {Saṅgraha Bhāṣā Ṭīkā},
    shorttitle = {Saṅgraha Bhā Ṭī},
    author = {Gandhārum},
}

@book{tika_kyaw_adhipaya_manual,
    title = {Ṭīkā Kyaw Adhipāya Manual},
}

@book{abhidhamma_handbook,
    title = {Abhidhamma Handbook},
}

@book{maha_buddha_vamsa,
    title = {Mahā Buddha Vaṃsa},
    author = {Mingun Sayadaw},
}

@book{parajika_light_beam,
    title = {Pārājika Pācittiya Saddā-Saṅgaha Light Beam},
    shorttitle = {Pārājika Light Beam},
    publisher = {Sāmaṇera Kyaw Literature},
    author = {Vaṇṇitālaṅkārābhibhivaṃsa},
    date = {2016},
}

@book{mau_nissaya_2,
    title = {Mau Mū Pārājika Aṭṭhakathā Nissaya, Volume 2},
    shorttitle = {Mau Nissaya, 2},
    publisher = {},
    author = {Mau},
    date = {},
}

@book{dhatvattha_flower_basket,
    title = {Dhātvattha Flower Basket},
    author = {Kumāra},
}

@misc{visuddhimagga_course_lectures,
    title = {Visuddhimagga Course Lectures},
    author = {Osadha},
}
